<?xml version="1.0" encoding="UTF-8"?><collection xmlns="http://www.loc.gov/MARC21/slim"><record><leader>00492nam--2200169-i-4500</leader><controlfield tag="001">000014604</controlfield><controlfield tag="002">20161230</controlfield><controlfield tag="005">20170122002228</controlfield><controlfield tag="008">060222s1000------------r-----000-0-eng-d</controlfield><datafield ind1=" " ind2=" " tag="080"><subfield code="a">539.171.112(047.3)</subfield></datafield><datafield ind1=" " ind2=" " tag="100"><subfield code="a">Abazov, V. M</subfield></datafield><datafield ind1=" " ind2=" " tag="245"><subfield code="a">The probability of the reaction (,p)and the existance of -isobars in the atomic nucleus</subfield></datafield><datafield ind1=" " ind2=" " tag="260"><subfield code="a">Dubna</subfield><subfield code="b">Joint Institute For Nuclear Research</subfield><subfield code="c">1980</subfield></datafield><datafield ind1=" " ind2=" " tag="300"><subfield code="a">14 p</subfield></datafield><datafield ind1=" " ind2=" " tag="490"><subfield code="a">E L5-8o-444</subfield></datafield><datafield ind1=" " ind2=" " tag="852"><subfield code="a">58908</subfield></datafield><datafield ind1=" " ind2=" " tag="CAT"><subfield code="a">SYS</subfield><subfield code="c">20170122</subfield><subfield code="h">002228</subfield></datafield></record></collection>